<?xml version="1.0" encoding="UTF-8"?><collection xmlns="http://www.loc.gov/MARC21/slim"><record><leader>00466nam--2200169-u-4500</leader><controlfield tag="001">000053171</controlfield><controlfield tag="002">20161230</controlfield><controlfield tag="005">20161230201051</controlfield><controlfield tag="008">110111s1000------------r-----000-0-eng-d</controlfield><datafield ind1=" " ind2=" " tag="040"><subfield code="a">IFIN-HH</subfield></datafield><datafield ind1=" " ind2=" " tag="080"><subfield code="a">539.144.4:539.16</subfield></datafield><datafield ind1=" " ind2=" " tag="110"><subfield code="a">Lund Institute Of Technology</subfield></datafield><datafield ind1="1" ind2="0" tag="245"><subfield code="a">Selected topics on n=z nuclei</subfield><subfield code="b">June 6th - 10th 2000, lund, sweden</subfield></datafield><datafield ind1=" " ind2=" " tag="260"><subfield code="a">Lund</subfield><subfield code="b">Lund University</subfield><subfield code="c">2000</subfield></datafield><datafield ind1=" " ind2=" " tag="300"><subfield code="a">325P</subfield></datafield><datafield ind1=" " ind2=" " tag="852"><subfield code="a">81260</subfield><subfield code="c">539.16</subfield></datafield><datafield ind1=" " ind2=" " tag="CAT"><subfield code="a">Sys</subfield><subfield code="c">20110111</subfield><subfield code="h">151409</subfield></datafield></record></collection>